@article{Bowen1980,
  author = "Bowen, J. M. and York, Jr., J. W.",
  title = "Time-asymmetric initial data for black holes and black-hole collisions",
  journal = "Phys. Rev. D",
  year = "1980",
  volume = "21",
  pages = "2047-2056"}

@book{Chandrasekhar1983,
  author = "Chandrasekhar, S.",
  title = "The {M}athematical {T}heory of {B}lack {H}oles",
  year = "1983",
  publisher = "Oxford University Press, USA"}

@article{Fiske2005,
  author = "Fiske, D. R. and Baker, J. G. and van Meter, J. R. and Choi, D.-I. and Centrella, J. M.",
  title = "Wave zone extraction of gravitational radiation in three-dimensional numerical relativity",
  journal = "Phys. Rev. D",
  year = "2005",
  volume = "71",
  pages = "104036",
  note = "gr-qc/0503100"}

@book{Wald1984,
  author = "Wald, R. M.",
  title = "General {R}elativity",
  year = "1984",
  publisher = "The {U}niversity of {C}hicago {P}ress, {C}hicago and {L}ondon"}

@article{Yo2002,
  author = "Yo, H.-J. and Baumgarte, T. B. and Shapiro, S. L.",
  title = "Improved numerical stability of stationary black hole evolution calculations",
  year = "2002",
  journal = "Phys. Rev. D",
  volume = "66",
  pages = "084026"}

@inproceedings{York1979,
  author = "York, Jr., J. W.",
  title = "Kinematics and dynamics of general relativity",
  year = "1979",
  pages = "83-126",
  booktitle = "Sources of {G}ravitational {R}adiation",
  editor = "Smarr, L.",
  publisher = "Cambridge University Press, Cambridge"}

@Article{omurch74,
  author = 	 {O'Murchadha, N. and {York, Jr.}, J.W.},
  title = 	 {Gravitational energy},
  journal = 	 {Phys. Rev. D},
  year = 	 1974,
  volume =	 10,
  number =	 8,
  pages =	 {2345-2357}
}

