@Article{Alcubierre:1998rq,
     author    = "Alcubierre, M. and others",
     title     = "Test-beds and applications for apparent horizon finders in
                  numerical relativity",
     journal   = "Class. Quant. Grav.",
     volume    = "17",
     year      = "2000",
     pages     = "2159-2190",
     eprint    = "gr-qc/9809004",
     SLACcitation  = "%%CITATION = GR-QC/9809004;%%"
}


@Article{Gundlach:1997us,
     author    = "Gundlach, Carsten",
     title     = "Pseudo-spectral apparent horizon finders: An efficient new
                  algorithm",
     journal   = "Phys. Rev.",
     volume    = "D57",
     year      = "1998",
     pages     = "863-875",
     eprint    = "gr-qc/9707050",
     SLACcitation  = "%%CITATION = GR-QC/9707050;%%"
}

@book{Press:2002,
   address = {Cambridge, UK},
   author = {Press, William   and Teukolsky, Saul   and Vetterling, William   and Flannery, Brian  },
   citeulike-article-id = {767703},
   edition = {2nd},
   keywords = {bibtex-import},
   priority = {0},
   publisher = {Cambridge University Press},
   title = {Numerical Recipes in C++},
   year = {2002}
}

@Article{Dreyer:2002mx,
     author    = "Dreyer, Olaf and Krishnan, Badri and Shoemaker, Deirdre and
                  Schnetter, Erik",
     title     = "Introduction to Isolated Horizons in Numerical Relativity",
     journal   = "Phys. Rev.",
     volume    = "D67",
     year      = "2003",
     pages     = "024018",
     eprint    = "gr-qc/0206008",
     SLACcitation  = "%%CITATION = GR-QC/0206008;%%"
}
